% Encoding: UTF-8

@InProceedings{Pflueger16Scalability,
  author    = {Pflüger, Dirk and Mehl, Miriam and Valentin, Julian and Lindner, Florian and Pfander, David and Wagner, Stefan and Graziotin, Daniel and Wang, Yang},
  title     = {The Scalability-Efficiency/Maintainability-Portability Trade-Off in Simulation Software Engineering: {Examples} and a Preliminary Systematic Literature Review},
  booktitle = {Proceedings of SE-HPCCSE 2016},
  year      = {2016},
  publisher = {IEEE},
  pages     = {26--34},
  doi       = {10.1109/SE-HPCCSE.2016.008},
  options   = {mincitenames=3},
  owner     = {valentjn},
  timestamp = {2018.09.02},
}

@InProceedings{Valentin16Hierarchical,
  author    = {Valentin, Julian and Pflüger, Dirk},
  title     = {Hierarchical Gradient-Based Optimization with {B}-Splines on Sparse Grids},
  booktitle = {Sparse Grids and Applications -- Stuttgart 2014},
  year      = {2016},
  series    = {LNCSE},
  number    = {109},
  publisher = {Springer},
  pages     = {315--336},
  doi       = {10.1007/978-3-319-28262-6_13},
  owner     = {valentjn},
  timestamp = {2015.11.12},
}

@InProceedings{Valentin18Fundamental,
  author    = {Valentin, Julian and Pflüger, Dirk},
  title     = {Fundamental Splines on Sparse Grids and Their Application to Gradient-Based Optimization},
  booktitle = {Sparse Grids and Applications -- Miami 2016},
  year      = {2018},
  series    = {LNCSE},
  number    = {123},
  publisher = {Springer},
  pages     = {229--251},
  doi       = {10.1007/978-3-319-75426-0_10},
  owner     = {valentjn},
  timestamp = {2019.01.14},
}

@Article{Valentin18Gradient,
  author       = {Valentin, Julian and Sprenger, Michael and Pflüger, Dirk and Röhrle, Oliver},
  title        = {Gradient-Based Optimization with {B}-Splines on Sparse Grids for Solving Forward-Dynamics Simulations of Three-Dimensional, Continuum-Mechanical Musculoskeletal System Models},
  journaltitle = {International Journal for Numerical Methods in Biomedical Engineering},
  year         = {2018},
  volume       = {34},
  number       = {5},
  eid          = {e2965},
  pages        = {1--21},
  doi          = {10.1002/cnm.2965},
  owner        = {valentjn},
  timestamp    = {2018.02.25},
}

@Unpublished{Pflueger19Solving,
  author    = {Pflüger, Dirk and Schober, Peter and Valentin, Julian},
  title     = {Solving High-Dimensional Dynamic Portfolio Choice Models in Discrete Time with {B}-Splines on Sparse Grids},
  year      = {2019},
  owner     = {valentjn},
  timestamp = {2019.01.14},
}

@Unpublished{Valentin19Gradient,
  author    = {Valentin, Julian and Hübner, Daniel and Pflüger, Dirk and Stingl, Michael},
  title     = {Gradient-Based Two-Scale Topology Optimization with {B}-Splines on Sparse Grids},
  year      = {2019},
  owner     = {valentjn},
  timestamp = {2019.01.14},
}

@Unpublished{Valentin19Boundary,
  author    = {Valentin, Julian and Zimmer, Stefan and Pflüger, Dirk},
  title     = {Boundary Conditions and Hierarchization for {B}-Splines on Sparse Grids},
  year      = {2019},
  owner     = {valentjn},
  timestamp = {2019.01.14},
}

@Book{Feynman11Mainly,
  author    = {Feynman, Richard P. and Leighton, Robert B. and Sands, Matthew},
  title     = {Mainly Mechanics, Radiation, and Heat},
  year      = {2011},
  maintitle = {The Feynman Lectures on Physics},
  volume    = {1},
  edition   = {50},
  publisher = {Basic Books},
  isbn      = {978-0-465-02493-3},
  url       = {http://www.feynmanlectures.caltech.edu/I_50.html#Ch50-S4-p1},
  owner     = {valentjn},
  timestamp = {2019.01.14},
}

@Thesis{Valentin12Spline,
  author      = {Valentin, Julian},
  title       = {\foreignlanguage{ngerman}{Spline-Approximation unregelmä\hspace*{-0.6mm}\smash{\rlap{\raisebox{-0.784mm}{\tikz[xscale=0.035,yscale=-0.035]{ \begin{scope}[shift={(-54.94373,-237.49756)}] \path[fill=mittelblau,line join=miter,line cap=butt,line width=0.212pt] (61.7276,240.6831) .. controls (61.9605,239.8471) and (62.0663,239.2438) .. (62.0663,238.8840) .. controls (62.0663,238.0267) and (61.4948,237.4976) .. (60.5000,237.4976) .. controls (58.9125,237.4976) and (57.9388,238.6617) .. (57.6001,240.9689) -- (57.1557,244.0063) .. controls (56.9546,245.4139) and (56.7747,246.3770) .. (56.2772,246.8956) -- (55.1766,246.6098) .. controls (55.0284,246.7156) and (54.9437,246.8638) .. (54.9437,247.0331) .. controls (54.9437,247.3718) and (55.1766,247.5941) .. (55.5152,247.5941) .. controls (56.0232,247.5941) and (56.6053,247.1919) .. (57.1662,246.3981) .. controls (57.6531,245.7208) and (57.8224,244.9271) .. (57.9600,243.9746) -- (58.4362,240.7466) .. controls (58.7114,238.8946) and (59.3570,237.9632) .. (60.4471,237.9632) .. controls (61.0397,237.9632) and (61.3572,238.2807) .. (61.3572,238.8522) .. controls (61.3572,239.2226) and (61.2726,239.6777) .. (61.1138,240.2175) .. controls (60.0661,240.3022) and (59.3993,240.9901) .. (59.3993,241.8050) .. controls (59.3993,242.3976) and (59.8015,242.6834) .. (60.4047,243.1385) .. controls (60.8492,243.4771) and (61.1350,243.7206) .. (61.1350,244.1227) .. controls (61.1350,244.6836) and (60.7646,245.0223) .. (60.1613,245.0223) .. controls (59.8332,245.0223) and (59.5792,244.8953) .. (59.4099,244.6519) -- (59.6004,244.1227) .. controls (59.4311,243.9957) and (59.2935,243.9322) .. (59.1453,243.9322) .. controls (58.8172,243.9322) and (58.5950,244.1439) .. (58.5950,244.4720) .. controls (58.5950,245.0223) and (59.1030,245.4033) .. (59.9920,245.4033) .. controls (61.1456,245.4033) and (61.9287,244.6942) .. (61.9287,243.7735) .. controls (61.9287,243.1385) and (61.5054,242.8633) .. (60.8704,242.3765) .. controls (60.3730,241.9955) and (60.0767,241.7626) .. (60.0767,241.4134) .. controls (60.0767,240.9583) and (60.5000,240.6514) .. (61.2726,240.6514) .. controls (61.3890,240.6514) and (61.5372,240.6620) .. (61.7277,240.6832) -- cycle; \end{scope} }}}}\hspace*{2.6mm}ig verteilter Daten}},
  type        = {Bachelor's thesis},
  institution = {University of Stuttgart, Department of Mathematics, IMNG},
  year        = {2012},
  doi         = {10.18419/opus-5143},
  owner       = {valentjn},
  timestamp   = {2014.03.31},
}

@Thesis{Valentin14Hierarchische,
  author      = {Valentin, Julian},
  title       = {\foreignlanguage{ngerman}{Hierarchische Optimierung mit Gradientenverfahren auf Dünngitterfunktionen}},
  type        = {Master's thesis},
  institution = {University of Stuttgart, Department of Computer Science, IPVS},
  year        = {2014},
  doi         = {10.18419/opus-3462},
  owner       = {valentjn},
  timestamp   = {2015.01.14},
}

@Comment{jabref-meta: databaseType:biblatex;}

@Comment{jabref-meta: fileDirectory:.;}
